
@article{fernandezfontelo_a_cabana_a_joe_h_puig_p_and_morina_d_untangling_2019,
	title = {Untangling serially dependent underreported count data for gender‐based violence},
	volume = {38},
	issn = {0277-6715},
	doi = {10.1002/sim.8306},
	number = {22},
	journal = {Statistics in Medicine},
	author = {{Fernández‐Fontelo, A., Cabaña, A., Joe, H., Puig, P. and Moriña, D.}},
	year = {2019},
	pages = {4404--4422},
}

@article{fernandez-fontelo_a_cabana_a_puig_p_and_morina_d_under-reported_2016,
	title = {Under-reported data analysis with {INAR}-hidden {Markov} chains},
	volume = {35},
	issn = {02776715},
	doi = {10.1002/sim.7026},
	number = {26},
	journal = {Statistics in Medicine},
	author = {{Fernández-Fontelo, A., Cabaña, A., Puig, P. and Moriña, D.}},
	year = {2016},
	pmid = {27396957},
	pages = {4875--4890},
}

@article{baena-mirabete_computing_2020,
	title = {Computing probabilities of integer-valued random variables by recurrence relations},
	volume = {161},
	issn = {0167-7152},
	url = {https://www.sciencedirect.com/science/article/pii/S0167715220300225},
	doi = {10.1016/j.spl.2020.108719},
	abstract = {We derive a set of recurrence relations for the calculation of the probabilities of a large class of integer-valued random variables. We show that the probability mass function can be recursively computed for random variables with a probability generating function satisfying certain functional form.},
	language = {en},
	urldate = {2022-11-27},
	journal = {Statistics \& Probability Letters},
	author = {Baena-Mirabete, S. and Puig, P.},
	month = jun,
	year = {2020},
	keywords = {Convolution of distributions, Count distributions, Hermite distribution, INAR models, Katz–Panjer family, Skellam distribution},
	pages = {108719},
	file = {ScienceDirect Snapshot:/home/dmorina/Zotero/storage/RSMFFIE3/S0167715220300225.html:text/html},
}

@article{unespa_informe_2020,
	title = {Informe {Estamos} {Seguros}},
	url = {https://unespa-web.s3.amazonaws.com/main-files/uploads/2019/05/Informe+Estamos+Seguros+2018+(Version+integra).pdf%0Ahttps://unespa-web.s3.amazonaws.com/main-files/uploads/2018/06/Informe-2017-Estamos-Seguros_V05.pdf%0Ahttp://www.unespa.es/que-hacemos/publ},
	abstract = {Co ns ult a la ve rsi ón am pli ad a de es te inf or me en ww w. un es pa .es o ww w. es ta mo s-s eg ur os .es UNESPA. Asociación Empresarial del Seguro Núñez de Balboa, 101. 28006 Madrid. España. Telefono (+34) 91 745 15 30 gabinete.prensa@unespa.es},
	author = {{UNESPA}},
	year = {2020},
	pages = {290--290},
}

@article{cancer_numero_2020,
	title = {El número de pacientes de cáncer nuevos bajó un 21\% durante el confinamiento},
	author = {Cáncer, Asociación Española Contra el},
	year = {2020},
}

@article{ministerio_de_sanidad_acuerdo_2021,
	title = {Acuerdo del {Consejo} {Interterritorial} del {Sistema} {Nacional} de {Salud} de 24 de febrero de 2021 sobre la pandemia de la {COVID}-19 y la prevención y el control del cáncer},
	author = {{Ministerio de Sanidad}},
	year = {2021},
}
